% !Mode:: "TeX:UTF-8"

@article{candes2008enhancing,
  title={Enhancing sparsity by reweighted $\ell_1$ minimization},
  author={Candes, Emmanuel J and Wakin, Michael B and Boyd, Stephen P},
  journal={ Journal of Fourier Analysis and Applications},
  volume={14},
  number={5-6},
  pages={877$\sim$905},
  year={2008},
  publisher={Springer}
}
@article{he2014robust,
  title={Robust Recovery of Corrupted Low-Rank Matrix by Implicit Regularizers},
  author={He, Ran and Tan, Tieniu and Wang, Liang},
  journal={IEEE Transactions on Pattern Analysis and Machine Intelligence},
  volume={36},
  number={4},
  pages={770$\sim$783},
  year={2014},
  publisher={IEEE}
}
@inproceedings{cabral2013unifying,
  title={Unifying nuclear norm and bilinear factorization approaches for low-rank matrix decomposition},
  author={Cabral, Ricardo and Torre, Fernando and Costeira, Joao and Bernardino, Alexandre},
  booktitle={Proceedings of IEEE International Conference on Computer Vision (ICCV)},
  pages={2488$\sim$2495},
  year={2013}
}

@article{peng2014reweighted,
  title={Reweighted low-rank matrix recovery and its application in image restoration.},
  author={Peng, Y. and Suo, J. and Dai, Q. and Xu, W.},
  journal={IEEE Transactions on Cybernetics},
  volume={44},
  number={12},
  pages={2418$\sim$2430},
  year={2014},
}
@inproceedings{ganesh2009fast,
  title={Fast algorithms for recovering a corrupted low-rank matrix},
  author={Ganesh, Arvind and Lin, Zhouchen and Wright, John and Wu, Leqin and Chen, Minming and Ma, Yi},
  booktitle={IEEE International Workshop Computational Advances in Multi-Sensor Adaptive Processing (CAMSAP)},
  pages={213$\sim$216},
  year={2009},
  organization={IEEE}
}
@article{toh2010accelerated,
  title={An accelerated proximal gradient algorithm for nuclear norm regularized linear least squares problems},
  author={Toh, Kim-Chuan and Yun, Sangwoon},
  journal={Pacific Journal of Optimization},
  volume={6},
  number={615-640},
  pages={15},
  year={2010}
}

@article{cai2010singular,
  title={A singular value thresholding algorithm for matrix completion},
  author={Cai, Jianfeng and Cand{\`e}s, Emmanuel J and Shen, Zuowei},
  journal={SIAM Journal of Optimization},
  volume={20},
  number={4},
  pages={1956$\sim$1982},
  year={2010},
  publisher={SIAM}
}
@article{lin2010augmented,
  title={The augmented lagrange multiplier method for exact recovery of corrupted low-rank matrices},
  author={Lin, Zhouchen and Chen, Minming and Ma, Yi},
  journal={arXiv preprint arXiv:1009.5055},
  year={2010}
}
@inproceedings{lin2011linearized,
  title={Linearized alternating direction method with adaptive penalty for low-rank representation},
  author={Lin, Zhouchen and Liu, Risheng and Su, Zhixun},
  booktitle={Proceedings of the Conference on Neural Information Processing Systems (NIPS)},
  pages={612$\sim$620},
  year={2011}
}
@article{wen2012solving,
  title={Solving a low-rank factorization model for matrix completion by a nonlinear successive over-relaxation algorithm},
  author={Wen, Zaiwen and Yin, Wotao and Zhang, Yin},
  journal={Mathematical Programming Computation},
  volume={4},
  number={4},
  pages={333$\sim$361},
  year={2012},
  publisher={Springer}
}
@article{beck2009fast,
  title={A fast iterative shrinkage-thresholding algorithm for linear inverse problems},
  author={Beck, Amir and Teboulle, Marc},
  journal={SIAM Journal of Image Sciences},
  volume={2},
  number={1},
  pages={183$\sim$202},
  year={2009},
  publisher={SIAM}
}
@article{essner1958adenosinetriphosphatase,
  title={Adenosinetriphosphatase and 5-nucleotidase activities in the plasma membrane of liver cells as revealed by electron microscopy},
  author={Essner, Edward and Novikoff, Alex B and Masek, Bertha},
  journal={The Journal of biophysical and biochemical cytology},
  volume={4},
  number={6},
  pages={711$\sim$716},
  year={1958},
  publisher={Rockefeller Univ Press}
}
@MISC{Kodak,
    title = {Kodak Lossless True Color Image Suite [OL], 2013-01-27[2016-10-05]},
    author={Rich Franzen},
    url={http://r0k.us/graphics/kodak/}
}

@article{wang2004image,
  title={Image quality assessment: from error visibility to structural similarity},
  author={Wang, Zhou and Bovik, Alan C and Sheikh, Hamid R and Simoncelli, Eero P},
  journal={IEEE  Transactions on Image Processing},
  volume={13},
  number={4},
  pages={600$\sim$612},
  year={2004},
  publisher={IEEE}
}

@article{liu2013tensor,
  title={Tensor completion for estimating missing values in visual data},
  author={Liu, Ji and Musialski, Przemyslaw and Wonka, Peter and Ye, Jieping},
  journal={IEEE Transactions on Pattern Analysis and Machine Intelligence},
  volume={35},
  number={1},
  pages={208$\sim$220},
  year={2013},
  publisher={IEEE}
}

@article{li2011image,
  title={Image recovery via hybrid sparse representations: A deterministic annealing approach},
  author={Li, Xin},
  journal={IEEE Journal of Selected Topics in Signal Processing},
  volume={5},
  number={5},
  pages={953$\sim$962},
  year={2011},
  publisher={IEEE}
}
@MISC{omp,
    title = {SPArse Modeling Software [OL], 2014-05-25[2016-10-05]},
    author={Julien Mairal},
    url={http://spams-devel.gforge.inria.fr/}
}
@article{Mingyuan2012Nonparametric,
  title={Nonparametric Bayesian Dictionary Learning for Analysis of Noisy and Incomplete Images},
  author={Mingyuan, Zhou and Haojun, Chen and John, Paisley and Lu, Ren and Lingbo, Li and Zhengming, Xing and David, Dunson and Guillermo, Sapiro and Lawrence, Carin},
  journal={IEEE Transactions on Image Processing},
  volume={21},
  number={1},
  pages={130$\sim$144},
  year={2012},
}
@article{Wang2013Robust,
  title={Robust locally linear analysis with applications to image denoising and blind inpainting},
  author={Wang, Yi and Szlam, Arthur and Lerman, Gilad},
  journal={SIAM Journal of Image Sciences},
  volume={6},
  number={1},
  pages={526$\sim$562},
  year={2013},
}
@inproceedings{li2014non,
  title={A non-local method for robust noisy image completion},
  author={Li, Wei and Zhao, Lei and Xu, Duanqing and Lu, Dongming},
  booktitle={Proceedings of  European Conference on Computer Vision (ECCV)},
  pages={61$\sim$74},
  year={2014},
  publisher={Springer}
}
@article{Michael2006Image,
  title={Image denoising via sparse and redundant representations over learned dictionaries.},
  author={Michael, Elad and Michal, Aharon},
  journal={IEEE Transactions on Image Processing},
  volume={15},
  number={12},
  pages={3736$\sim$45},
  year={2006},
}

@article{Chen2001Adaptive,
  title={Adaptive impulse detection using center-weighted median filters},
  author={Chen, Tao and Wu, Hong Ren},
  journal={IEEE Signal Processing Letter},
  volume={8},
  number={1},
  pages={1$\sim$3},
  year={2001},
}
@article{ma2014decomposition,
  title={Decomposition approach for low-rank matrix completion and its applications},
  author={Ma, Rick and Barzigar, Nafise and Roozgard, Aminmohammad and Cheng, Samuel},
  journal={IEEE Transactions on Signal Processing},
  volume={62},
  number={7},
  pages={1671$\sim$1683},
  year={2014},
  publisher={IEEE}
}
@inproceedings{zheng2012practical,
  title={Practical low-rank matrix approximation under robust $\ell_1$-norm},
  author={Zheng, Yinqiang and Liu, Guangcan and Sugimoto, Shigeki and Yan, Shuicheng and Okutomi, Masatoshi},
  booktitle={Proceedings of IEEE Conference on Computer Vision and Pattern Recognition (CVPR)},
  pages={1410$\sim$1417},
  year={2012},
  organization={IEEE}
}
@article{hzs2006,
  title={信号的稀疏性分析},
  author={何昭水 and 谢胜利 and 傅予力},
  journal={自然科学进展},
  volume={16},
  number={9},
  pages={1167$\sim$1173},
  year={2006}
}
@phdthesis{cmm2010,
  title={矩阵重建的算法与实现},
  author={陈敏铭},
  pages={},
  address={北京},
  type={硕士学位论文},
  school={中国科学院研究院},
  year={2010}
}
@mastersthesis{lh2012,
  title={基于低秩矩阵重建的视频编码方法研究},
  author={李贺},
  year={2012},
  address={北京},
  pages={},
  type={硕士学位论文},
  school={北京工业大学}
}
@inproceedings{zhao2014robust,
  title={Robust Principal Component Analysis with Complex Noise.},
  author={Zhao, Qian and Meng, Deyu and Xu, Zongben and Zuo, Wangmeng and Zhang, Lei},
  booktitle={Proceedings of International Conference on Machine Learning (ICML)},
  pages={55$\sim$63},
  year={2014}
}
@article{evgeniou2007multi,
  title={Multi-task feature learning},
  author={Evgeniou, A and Pontil, Massimiliano},
  journal={In Proceedings of the Conference on Neural Information Processing Systems (NIPS)},
  volume={19},
  pages={41},
  year={2007}
}
@inproceedings{bennett2007netflix,
  title={The netflix prize},
  author={Bennett, James and Lanning, Stan},
  booktitle={Proceedings of KDD cup and workshop},
  volume={2007},
  pages={35},
  year={2007}
}
@inproceedings{zhang2011camera,
  title={Camera calibration with lens distortion from low-rank textures},
  author={Zhang, Zhengdong and Matsushita, Yasuyuki and Ma, Yi},
  booktitle={Proceedings of IEEE Conference on Computer Vision and Pattern Recognition (CVPR)},
  pages={2321$\sim$2328},
  year={2011},
  organization={IEEE}
}
@inproceedings{barzigar2013mixture,
  title={Mixture noise removal in ultrasound images using SCoBeP and low-rank matrix completion},
  author={Barzigar, Nafise and Roozgard, Aminmohammad and Verma, Pramode and Cheng, Samuel},
  booktitle={2013 35th Annual International Conference of the IEEE Engineering in Medicine and Biology Society (MBC)},
  pages={109$\sim$112},
  year={2013},
  organization={IEEE}
}
@inproceedings{meng2013cyclic,
  title={A Cyclic Weighted Median Method for~$\ell_1$~Low-Rank Matrix Factorization with Missing Entries.},
  author={Meng, Deyu and Xu, Zongben and Zhang, Lei and Zhao, Ji},
  booktitle={Proceedings of AAAI Conference on Artificial Intelligence (AAAI)},
  volume={4},
  pages={6},
  year={2013}
}
@article{LiuG2013Robust,
  title={Robust Recovery of Subspace Structures by Low-Rank Representation},
  author={Liu, Guangcan and Lin, Zhouchen and Yan, Shuicheng and Sun, Ju and Yu, Yong and Ma, Yi},
  journal={IEEE Transactions on Pattern Analysis and Machine Intelligence},
  volume={35},
  number={1},
  pages={171$\sim$184},
  year={2013}
}
@article{zhao2006model,
  title={On model selection consistency of Lasso},
  author={Zhao, Peng and Yu, Bin},
  journal={Journal of Machine Learning Research},
  volume={7},
  number={Nov},
  pages={2541$\sim$2563},
  year={2006}
}
@inproceedings{jia2012robust,
  title={Robust and practical face recognition via structured sparsity},
  author={Jia, Kui and Chan, Tsung-Han and Ma, Yi},
  booktitle={Proceedings of  European Conference on Computer Vision (ECCV)},
  pages={331$\sim$344},
  year={2012},
  organization={Springer}
}
@inproceedings{fazel2003log,
  title={Log-det heuristic for matrix rank minimization with applications to Hankel and Euclidean distance matrices},
  author={Fazel, Maryam and Hindi, Haitham and Boyd, Stephen P},
  booktitle={American Control Conference},
  volume={3},
  pages={2156$\sim$2162},
  year={2003},
  organization={IEEE}
}
@inproceedings{chen2011robust,
title={Robust Matrix Completion and Corrupted Columns},
author={Chen, Yudong and Xu, Huan and Caramanis, Constantine and Sanghavi, Sujay},
booktitle={Proceedings of International Conference on Machine Learning (ICML)},
year={2011}}

@inproceedings{patel2013latent,
  title={Latent space sparse subspace clustering},
  author={Patel, Vishal M and Van Nguyen, Hien and Vidal, Ren{\'e}},
  booktitle={Proceedings of IEEE International Conference on Computer Vision (ICCV)},
  pages={225$\sim$232},
  year={2013}
}
@ARTICLE{Chen98atomicdecomposition,
    author = {Scott Shaobing Chen and David L. Donoho and Michael A. Saunders},
    title = {Atomic decomposition by basis pursuit},
    journal = {SIAM Journal of Scientific Computing},
    year = {1998},
    volume = {20},
    pages = {33$\sim$61}
}
@article{mallat1993matching,
  title={Matching pursuits with time-frequency dictionaries},
  author={Mallat, St{\'e}phane G and Zhang, Zhifeng},
  journal={IEEE Transactions on Signal Processing},
  volume={41},
  number={12},
  pages={3397$\sim$3415},
  year={1993},
  publisher={IEEE}
}
@article{ksvd,
author="Aharon, M.",
title="{K-SVD} : an algorithm for designing overcomplete dictionaries for sparse representation",
journal="IEEE Transactions on Signal Processing",
ISSN="",
publisher="",
year="2006",
month="",
volume="54",
number="11",
pages="4311$\sim$4322",
%URL="http://ci.nii.ac.jp/naid/80018809966/en/",
DOI="",
}
@inproceedings{mairal2009online,
  title={Online dictionary learning for sparse coding},
  author={Mairal, Julien and Bach, Francis and Ponce, Jean and Sapiro, Guillermo},
  booktitle={Proceedings of International Conference on Machine Learning (ICML)},
  pages={689$\sim$696},
  year={2009},
  organization={ACM}
}

@inproceedings{pati1993orthogonal,
  title={Orthogonal matching pursuit: Recursive function approximation with applications to wavelet decomposition},
  author={Pati, Yagyensh Chandra and Rezaiifar, Ramin and Krishnaprasad, PS},
  booktitle={Proceedings of IEEE Conference on Signals, Systems and Computers},
  pages={40$\sim$44},
  year={1993},
  organization={IEEE}
}
@article{lu2014smoothed,
  title={Smoothed low rank and sparse matrix recovery by iteratively reweighted least squares minimization.},
  author={Canyi, Lu and Zhouchen, Lin and Shuicheng, Yan},
  journal={IEEE Transactions on Image Processing},
  volume={24},
  number={2},
  pages={646$\sim$654},
  year={2014},
}
@inproceedings{ganesh2009fast,
  title={Fast algorithms for recovering a corrupted low-rank matrix},
  author={Ganesh, Arvind and Lin, Zhouchen and Wright, John and Wu, Leqin and Chen, Minming and Ma, Yi},
  booktitle={IEEE Int. Workshop on Computational Advances in Multi-Sensor Adaptive Processing},
  pages={213$\sim$216},
  year={2009},
  organization={IEEE}
}
@article{candes2011robust,
  title={Robust principal component analysis?},
  author={Cand{\`e}s, Emmanuel J and Li, Xiaodong and Ma, Yi and Wright, John},
  journal={Journal of ACM},
  volume={58},
  number={3},
  pages={11},
  year={2011},
  publisher={ACM}
}
@inproceedings{meka2009matrix,
  title={Matrix completion from power-law distributed samples},
  author={Meka, Raghu and Jain, Prateek and Dhillon, Inderjit S},
  booktitle={Proceedings of the Conference on Neural Information Processing Systems (NIPS)},
  pages={1258$\sim$1266},
  year={2009}
}
@article{olshausen1996emergence,
  title={Emergence of simple-cell receptive field properties by learning a sparse code for natural images},
  author={Olshausen, Bruno A and others},
  journal={Nature},
  volume={381},
  number={6583},
  pages={607$\sim$609},
  year={1996}
}
@article{needell2009uniform,
  title={Uniform uncertainty principle and signal recovery via regularized orthogonal matching pursuit},
  author={Needell, Deanna and Vershynin, Roman},
  journal={Foundations of computational mathematics},
  volume={9},
  number={3},
  pages={317$\sim$334},
  year={2009},
  publisher={Springer}
}
@article{donoho2012sparse,
  title={Sparse solution of underdetermined systems of linear equations by stagewise orthogonal matching pursuit},
  author={Donoho, David L and Tsaig, Yaakov and Drori, Iddo and Starck, Jean-Luc},
  journal={IEEE Transactions on Information  Theory},
  volume={58},
  number={2},
  pages={1094$\sim$1121},
  year={2012},
  publisher={IEEE}
}
@article{chartrand2007exact,
  title={Exact reconstruction of sparse signals via nonconvex minimization},
  author={Chartrand, Rick},
  journal={IEEE Signal Processing Letter},
  volume={14},
  number={10},
  pages={707$\sim$710},
  year={2007},
  publisher={IEEE}
}
@inproceedings{saab2008stable,
  title={Stable sparse approximations via nonconvex optimization},
  author={Saab, Rayan and Chartrand, Rick and Yilmaz, {\"O}zg{\"u}r},
  booktitle={Proceedings of International Conference on Acoustics, Speech, and Signal Processing (ICASSP)},
  pages={3885$\sim$3888},
  year={2008},
  organization={IEEE}
}
@article{figueiredo2007gradient,
  title={Gradient projection for sparse reconstruction: Application to compressed sensing and other inverse problems},
  author={Figueiredo, M{\'a}rio AT and Nowak, Robert D and Wright, Stephen J},
  journal={IEEE Journal of Selected  Topics Signal Process.},
  volume={1},
  number={4},
  pages={586$\sim$597},
  year={2007},
  publisher={IEEE}
}
@article{yang2013fast,
  title={Fast-minimization algorithms for robust face recognition},
  author={Yang, Allen Y and Zhou, Zihan and Balasubramanian, Arvind Ganesh and Sastry, S Shankar and Ma, Yi},
  journal={IEEE Transactions on Image Processing},
  volume={22},
  number={8},
  pages={3234$\sim$3246},
  year={2013},
  publisher={IEEE}
}
@article{daubechies2004an,
title={An iterative thresholding algorithm for linear inverse problems with a sparsity constraint},
author={Ingrid, Daubechies and Michel Defrise},
journal={Communications on Pure and Applied Mathematics},
volume={57},
number={11},
pages={1413$\sim$1457},
year={2004}}

@article{WotaoYin2008Bregman,
  title={Bregman iterative algorithms for l1-minimization with applications to compressed sensing},
  author={Wotao, Yin and Stanley, Osher and Jerome, Darbon and Donald, Goldfarb},
  journal={SIAM Journal of Image Sciences},
  volume={1},
  number={1},
  pages={143$\sim$168},
  year={2008}
}

@INPROCEEDINGS{Lee07efficientsparse,
    author = {Honglak Lee and Alexis Battle and Rajat Raina and Andrew Y. Ng},
    title = {Efficient sparse coding algorithms},
    booktitle = {Proceedings of the Conference on Neural Information Processing Systems (NIPS)},
    year = {2006},
    pages = {801$\sim$808},
   % publisher = {NIPS}
}
@article{tseng2001convergence,
  title={Convergence of a block coordinate descent method for nondifferentiable minimization},
  author={Tseng, Paul},
  journal={Journal of optimization theory and applications},
  volume={109},
  number={3},
  pages={475$\sim$494},
  year={2001},
  publisher={Springer}
}
@article{li2014clustering,
  title={Clustering-guided sparse structural learning for unsupervised feature selection},
  author={Li, Zechao and Liu, Jing and Yang, Yi and Zhou, Xiaofang and Lu, Hanqing},
  journal={ IEEE Transactions on Knowledge and Data Engineering},
  volume={26},
  number={9},
  pages={2138$\sim$2150},
  year={2014},
  publisher={IEEE}
}
@article{li2015robust,
  title={Robust structured subspace learning for data representation},
  author={Li, Zechao and Liu, Jing and Tang, Jinhui and Lu, Hanqing},
  journal={IEEE Transactions on Pattern Analysis and Machine Intelligence},
  volume={37},
  number={10},
  pages={2085$\sim$2098},
  year={2015},
  publisher={IEEE}
}











